@article{levin2002directional,
  title={Directional Newton methods in n variables},
  author={Levin, Yuri and Ben-Israel, Adi},
  journal={Mathematics of Computation},
  volume={71},
  number={237},
  pages={251--262},
  year={2002}
}

@article{an2005directional,
  title={Directional secant method for nonlinear equations},
  author={An, Heng-Bin and Bai, Zhong-Zhi},
  journal={Journal of computational and applied mathematics},
  volume={175},
  number={2},
  pages={291--304},
  year={2005},
  publisher={Elsevier}
}

@article{schaul2012no,
  title={No more pesky learning rates},
  author={Schaul, Tom and Zhang, Sixin and LeCun, Yann},
  journal={arXiv preprint arXiv:1206.1106},
  year={2012}
}

@inproceedings{becker1988improving,
  title={Improving the convergence of back-propagation learning with second order methods},
  author={Becker, Sue and Le Cun, Yann},
  booktitle={Proceedings of the 1988 connectionist models summer school},
  pages={29--37},
  year={1988},
  organization={San Matteo, CA: Morgan Kaufmann}
}

@article{lecun1993automatic,
  title={Automatic learning rate maximization by on-line estimation of the Hessianâ€™s eigenvectors},
  author={LeCun, Yann and Simard, Patrice Y and Pearlmutter, Barak},
  journal={Advances in neural information processing systems},
  volume={5},
  pages={156--163},
  year={1993},
  publisher={Citeseer}
}

@article{schaul2013adaptive,
  title={Adaptive learning rates and parallelization for stochastic, sparse, non-smooth gradients},
  author={Schaul, Tom and LeCun, Yann},
  journal={arXiv preprint arXiv:1301.3764},
  year={2013}
}

@incollection{lecun2012efficient,
  title={Efficient backprop},
  author={LeCun, Yann A and Bottou, L{\'e}on and Orr, Genevieve B and M{\"u}ller, Klaus-Robert},
  booktitle={Neural networks: Tricks of the trade},
  pages={9--48},
  year={2012},
  publisher={Springer}
}

@article{schraudolph2002fast,
      title={Fast curvature matrix-vector products for second-order gradient descent},
      author={Schraudolph, Nicol N},
      journal={Neural computation},
      volume={14},
      number={7},
      pages={1723--1738},
      year={2002},
      publisher={MIT Press}
}

@inproceedings{wang2013variance,
  title={Variance reduction for stochastic gradient optimization},
  author={Wang, Chong and Chen, Xi and Smola, Alex and Xing, Eric},
  booktitle={Advances in Neural Information Processing Systems},
  pages={181--189},
  year={2013}
}

@inproceedings{johnson2013accelerating,
  title={Accelerating stochastic gradient descent using predictive variance reduction},
  author={Johnson, Rie and Zhang, Tong},
  booktitle={Advances in Neural Information Processing Systems},
  pages={315--323},
  year={2013}
}

@article{duchi2011adaptive,
  title={Adaptive subgradient methods for online learning and stochastic optimization},
  author={Duchi, John and Hazan, Elad and Singer, Yoram},
  journal={The Journal of Machine Learning Research},
  volume={12},
  pages={2121--2159},
  year={2011},
  publisher={JMLR. org}
}

@article{goodfellow2013maxout,
  title={Maxout networks},
  author={Goodfellow, Ian J and Warde-Farley, David and Mirza, Mehdi and Courville, Aaron and Bengio, Yoshua},
  journal={arXiv preprint arXiv:1302.4389},
  year={2013}
}

@incollection{gulcehre2014learned,
  title={Learned-norm pooling for deep feedforward and recurrent neural networks},
  author={Gulcehre, Caglar and Cho, Kyunghyun and Pascanu, Razvan and Bengio, Yoshua},
  booktitle={Machine Learning and Knowledge Discovery in Databases},
  pages={530--546},
  year={2014},
  publisher={Springer}
}

@article{gulcehre2013knowledge,
  title={Knowledge matters: Importance of prior information for optimization},
  author={G{\"u}l{\c{c}}ehre, {\c{C}}a{\u{g}}lar and Bengio, Yoshua},
  journal={arXiv preprint arXiv:1301.4083},
  year={2013}
}

@article{robbins1951stochastic,
  title={A stochastic approximation method},
  author={Robbins, Herbert and Monro, Sutton},
  journal={The annals of mathematical statistics},
  pages={400--407},
  year={1951},
  publisher={JSTOR}
}

@article{pylearn2_arxiv_2013,
   author = {Goodfellow, I. J. and Warde-Farley, D. and Lamblin, P. and Dumoulin, V. and Mirza, M. and Pascanu, R. and Bergstra, J. and Bastien, F. and Bengio, Y.},
    title = {Pylearn2: a machine learning research library},
  journal = {arXiv preprint arXiv:1308.4214},
     year = {2013},
}

@article{Bastien-2012,
 author = {F. Bastien and P. Lamblin and R. Pascanu and J. Bergstra and I. Goodfellow and A. Bergeron and N. Bouchard and D. Warde-Farley and Y. Bengio}, 
 title = {{T}heano: new features and speed improvements},
 howpublished = {Submited to the Deep Learning and Unsupervised Feature Learning NIPS 2012 Workshop},
 year = 2012,
}

@article{graves2013generating,
  title={Generating sequences with recurrent neural networks},
  author={Graves, Alex},
  journal={arXiv preprint arXiv:1308.0850},
  year={2013}
}

@article{zeiler2012adadelta,
  title={ADADELTA: An adaptive learning rate method},
  author={Zeiler, Matthew D},
  journal={arXiv preprint arXiv:1212.5701},
  year={2012}
}

@inproceedings{choromanska2015loss,
  title={The Loss Surface of Multilayer Networks},
  author={Choromanska, Anna and Henaff, Mikael and Mathieu, Michael and Arous, G{\'e}rard Ben and LeCun, Yann},
  booktitle={AI \& Statistics (AIStats)},
  year={2015},
  organization={arXiv:1412.0233}
}

